@misc{transformer,
    title={Attention Is All You Need},
    author={Ashish Vaswani and Noam Shazeer and Niki Parmar and Jakob Uszkoreit and Llion Jones and Aidan N. Gomez and Lukasz Kaiser and Illia Polosukhin},
    year={2017},
    eprint={1706.03762},
    archivePrefix={arXiv},
    primaryClass={cs.CL}
}

@misc{resnet,
    title={Deep Residual Learning for Image Recognition},
    author={Kaiming He and Xiangyu Zhang and Shaoqing Ren and Jian Sun},
    year={2015},
    eprint={1512.03385},
    archivePrefix={arXiv},
    primaryClass={cs.CV}
}

@misc{attention,
    title={Neural Machine Translation by Jointly Learning to Align and Translate},
    author={Dzmitry Bahdanau and Kyunghyun Cho and Yoshua Bengio},
    year={2014},
    eprint={1409.0473},
    archivePrefix={arXiv},
    primaryClass={cs.CL}
}

@misc{fasttext,
    title={Enriching Word Vectors with Subword Information},
    author={Piotr Bojanowski and Edouard Grave and Armand Joulin and Tomas Mikolov},
    year={2016},
    eprint={1607.04606},
    archivePrefix={arXiv},
    primaryClass={cs.CL}
}

@misc{mikolov,
    title={Efficient Estimation of Word Representations in Vector Space},
    author={Tomas Mikolov and Kai Chen and Greg Corrado and Jeffrey Dean},
    year={2013},
    eprint={1301.3781},
    archivePrefix={arXiv},
    primaryClass={cs.CL}
}

@misc{local_loss,
    title={Focal Loss for Dense Object Detection},
    author={Tsung-Yi Lin and Priya Goyal and Ross Girshick and Kaiming He and Piotr Doll√°r},
    year={2017},
    eprint={1708.02002},
    archivePrefix={arXiv},
    primaryClass={cs.CV}
}